@electronic{kingsolar,
 author   = "KINGSOLAR",
 title     = "KINGSOLAR ultra-light portable solar charger solar panel",
 url       = "https://www.amazon.com/KINGSOLARTM-Ultra-light-Portable-Solar-Charger/dp/B00P7QQRT0/ref=sr_1_1?ie=UTF8&qid=1511300964&sr=8-1&keywords=KINGSOLAR+ultra-light"
}

@electronic{ECO-WORTHY,
 author   = "ECO-WORTHY",
 title     = "ECO-WORTHY Polycrystalline Solar Panels ",
 url       = "https://www.amazon.com/ECO-WORTHY-Polycrystalline-Panels-Module-Charging/dp/B00OZC19AY/ref=sr_1_4?ie=UTF8&qid=1511301037&sr=8-4&keywords=ECO-WORTHY+polycrystalline+solar+panels"
}

@electronic{ALLPOWERS ,
 author   = "ALLPOWERS ",
 title     = "ALLPOWERS 2 Pieces Solar Panel",
 url       = "https://www.amazon.com/ALLPOWERS-Battery-Charger-Encapsulated-130x150mm/dp/B01GFGRGA4/ref=sr_1_1?ie=UTF8&qid=1511301064&sr=8-1&keywords=allpowers+2+pieces"
}

@electronic{liion_vs_lipo,
 author   = "Team RAVPower",
 title     = "Lithium Ion vs. Lithium Polymer Batteries ¨C Which Is Better?",
 url       = "http://blog.ravpower.com/2017/06/lithium-ion-vs-lithium-polymer-batteries/"
}

@electronic{bluetooth_vs_wifi,
 author   = "Diffen",
 title     = "Bluetooth vs. Wi-Fi",
 url       = "https://www.diffen.com/difference/Bluetooth_vs_Wifi"
}

@electronic{cecullar,
 author   = "Verizon",
 title     = "What¡¯s the difference between Wi?Fi data and cellular data?",
 url       = "https://www.verizonwireless.com/articles/whats-the-difference-between-wifi-data-and-cellular-data/"
}